@article{scheffer2002dealing,
  title={Dealing with missing data},
  author={Scheffer, Judi},
  year={2002},
  publisher={Massey University}
}

@book{little2019statistical,
  title={Statistical analysis with missing data},
  author={Little, Roderick JA and Rubin, Donald B},
  volume={793},
  year={2019},
  publisher={John Wiley \& Sons}
}

@article{moritz2015comparison,
  title={Comparison of different methods for univariate time series imputation in R},
  author={Moritz, Steffen and Sard{\'a}, Alexis and Bartz-Beielstein, Thomas and Zaefferer, Martin and Stork, J{\"o}rg},
  journal={arXiv preprint arXiv:1510.03924},
  year={2015}
}

@article{ahn2022comparison,
  title={Comparison of missing data imputation methods in time series forecasting},
  author={Ahn, Hyun and Sun, Kyunghee and Kim, K Pio and others},
  journal={Computers, Materials \& Continua},
  volume={70},
  number={1},
  pages={767--779},
  year={2022}
}

@article{lepot2017interpolation,
  title={Interpolation in time series: An introductive overview of existing methods, their performance criteria and uncertainty assessment},
  author={Lepot, Mathieu and Aubin, Jean-Baptiste and Clemens, Fran{\c{c}}ois HLR},
  journal={Water},
  volume={9},
  number={10},
  pages={796},
  year={2017},
  publisher={MDPI}
}



@misc{fedus2018maskganbettertextgeneration,
      title={MaskGAN: Better Text Generation via Filling in the______}, 
      author={William Fedus and Ian Goodfellow and Andrew M. Dai},
      year={2018},
      eprint={1801.07736},
      archivePrefix={arXiv},
      primaryClass={stat.ML},
      url={https://arxiv.org/abs/1801.07736}, 
}


@inproceedings{NIPS2014_5ca3e9b1,
	author = {Goodfellow, Ian and Pouget-Abadie, Jean and Mirza, Mehdi and Xu, Bing and Warde-Farley, David and Ozair, Sherjil and Courville, Aaron and Bengio, Yoshua},
	booktitle = {Advances in Neural Information Processing Systems},
	editor = {Z. Ghahramani and M. Welling and C. Cortes and N. Lawrence and K.Q. Weinberger},
	publisher = {Curran Associates, Inc.},
	title = {Generative Adversarial Nets},
	url = {https://proceedings.neurips.cc/paper_files/paper/2014/file/5ca3e9b122f61f8f06494c97b1afccf3-Paper.pdf},
	volume = {27},
	year = {2014},
	Bdsk-Url-1 = {https://proceedings.neurips.cc/paper_files/paper/2014/file/5ca3e9b122f61f8f06494c97b1afccf3-Paper.pdf}}




@book{sunspots_Dataset,
  title={Non-linear time series: a dynamical system approach},
  author={Tong, Howell},
  year={1990},
  publisher={Oxford university press}
}

@book{LakeHuron_Dataset,
  title={Time series: Theory and methods},
  author={Brockwell, Peter J},
  year={1991},
  publisher={Springer-Verlag}
}

@article{Beersales_Dataset,
  title={Data analysis using regression models: the business perspective},
  author={Frees, Edward W},
  journal={(No Title)},
  year={1996}
}

@article{Lynx_Dataset1,
  author    = {M.G. Bulmer},
  title     = {A statistical analysis of the 10-year cycle in Canada},
  journal   = {Journal of Animal Ecology},
  volume    = {43},
  pages     = {701--715},
  year      = {1974}
}

@article{Lynx_Dataset2,
  author    = {C. Elton and M. Nicholson},
  title     = {The ten-year cycle in numbers of the lynx in Canada},
  journal   = {Journal of Animal Ecology},
  volume    = {11},
  pages     = {215--244},
  year      = {1942}
}
@book{Lynx_Dataset3,
  author    = {H. Tong},
  title     = {Nonlinear time series: a dynamical system approach},
  publisher = {Clarendon Press},
  year      = {1990}
}